% This bibtex file was created by the new bibtex wizard
