@INPROCEEDINGS{Abdelwahed2007,
  author = {Abdelwahed, S. and Nagarajan Kandasamy},
  title = {Fault-Adaptive Control for Robust Performance Management of Computing
	Systems},
  booktitle = {Autonomic Computing, 2007. ICAC '07. Fourth International Conference
	on},
  year = {2007},
  pages = {21-21},
  month = {June},
  abstract = {This paper introduces a fault-adaptive control approach for the robust
	and reliable performance management of computing systems. Fault adaptation
	involves the detection and isolation of faults, and then taking appropriate
	control actions to mitigate the fault effects and maintain control.},
  areas = {fault tolerance},
  cites = {0},
  classes = {Type of Research {Applied {Level of Abstraction {component}, Model
	type {quality}, Purpose {fault-tolerance}, Techniques {reflection}}Fundamental
	{none}}Application Domains {none}Research areas {fault tolerance}Initiative
	{nsf}Venue {icac}Venue Type {c}},
  doi = {10.1109/ICAC.2007.17},
  domain = {none},
  initiatives = {NSF},
  keywords = {adaptive control;distributed processing;fault diagnosis;fault tolerant
	computing;program diagnostics;software management;software reliability;computing
	systems;distributed computation system;fault detection;fault diagnostics;fault
	isolation;fault-adaptive control;health management;performance management
	reliability;robust performance management;Adaptive control;Automatic
	control;Control systems;Energy management;Fault diagnosis;Maintenance;Power
	system management;Quality of service;Resource management;Robust control},
  type = {C},
  updated = {02.10.2016},
  venue = {ICAC}
}

@article{Versichele2012208,
author = {Versichele, Mathias and Neutens, Tijs and Delafontaine, Matthias and de Weghe, Nico Van},
doi = {http://dx.doi.org/10.1016/j.apgeog.2011.05.011},
issn = {0143-6228},
title = {{The use of Bluetooth for analysing spatiotemporal dynamics of human movement at mass events: A case study of the Ghent Festivities}},
year = {22500}
}

@INPROCEEDINGS{Abeywickrama2017,
  author = {Dhaminda Abeywickrama and Eila Ovaska},
  title = {Reflexive and Evolutional Digital Service Ecosystems with Models
	at Runtime},
  booktitle = {Proceedings of the 12th International Workshop on Models@run.time
	co-located with 20th International Conference on Model Driven Engineering
	Languages and Systems {(MODELS} 2016), Austin, Texas, US, September
	19, 2017.},
  year = {2017},
  applied = {yes},
  areas = {soa},
  cites = {0},
  classes = {Type of Research {Applied {Level of Abstraction {context}, Model type
	{structure}, Purpose {self-adaptation}, Techniques {monitoring}}Fundamental
	{none}}Application Domains {ambient assisted living (aal)}Research
	areas {soa}Initiative {none}Venue {mrt}Venue Type {w}},
  domain = {ambient assisted living (aal)},
  initiatives = {none},
  type = {W},
  venue = {MRT}
}

@INPROCEEDINGS{Abeywickrama2015,
  author = {Abeywickrama, Dhaminda B. and Serbedzija, Nikola and Loreti, Michele},
  title = {Monitoring and Visualizing Adaptation of Autonomic Systems at Runtime},
  booktitle = {Proceedings of the 30th Annual ACM Symposium on Applied Computing},
  year = {2015},
  series = {SAC '15},
  pages = {1857--1860},
  address = {New York, NY, USA},
  publisher = {ACM},
  acmid = {2695983},
  areas = {none},
  cites = {0},
  classes = {Type of Research {Applied {Level of Abstraction {architecture}, Model
	type {structure}, Purpose {development}, Techniques {reflection}}Fundamental
	{none}}Application Domains {none}Research areas {none}Initiative
	{ercim}Venue {sac}Venue Type {c}},
  doi = {10.1145/2695664.2695983},
  domain = {none},
  initiatives = {ERCIM},
  isbn = {978-1-4503-3196-8},
  keywords = {autonomic systems, awareness, eclipse plug-ins, monitoring, self-adaptation,
	visualization},
  location = {Salamanca, Spain},
  numpages = {4},
  type = {C},
  updated = {09.10.2016},
  url = {http://doi.acm.org/10.1145/2695664.2695983},
  venue = {SAC}
}

