@article{clevenger2008importance,
  title={THE IMPORTANCE PROCESS: ENABLING CREATIVITY IN PERFORMANCE-BASED DESIGN THROUGH SYSTEMATIC, MODEL-BASED, SEARCH OF MULTIDISCIPLINARY IMPACTS},
  author={Clevenger, Caroline M and Swamy, Surya},
  year={2008},
  publisher={Citeseer},
  howpublished = {\url{http://citeseerx.ist.psu.edu/viewdoc/summary?doi=10.1.1.163.1756}},
  citations={5} 
}
@article{johnimportance,
  title={THE IMPORTANCE PROCESS: ENABLING CREATIVITY IN PERFORMANCE-BASED DESIGN THROUGH SYSTEMATIC, MODEL-BASED, SEARCH OF MULTIDISCIPLINARY IMPACTS},
  author={John Haymaker, AIA and Swamy, LEEDAP2 Surya},
  howpublished = {\url{http://www.irbnet.de/daten/iconda/CIB16331.pdf}},
  citations={0} 
}
@misc{wakelam2008computer,
  title={Computer-implemented building design and modeling and project cost estimation and scheduling system},
  author={Wakelam, Robert and Beck, Henry and Phillips, Bradley and Powell, Gregory and O'Kelly, Niall},
  year={2008},
  month=mar # "~27",
  publisher={Google Patents},
  note={US Patent App. 11/776,923},
  howpublished = {\url{https://patents.google.com/patent/US20080077364A1/en}},
  citations={22} 
}
@misc{wakelam2009computer,
  title={Computer-implemented building design and modeling and project cost estimation and scheduling system},
  author={Wakelam, Robert Bruce and Beck III, Henry C and Phillips, Bradley Paul and Powell, Gregory Wayne and O'kelly, Niall Brendan},
  year={2009},
  month=feb # "~24",
  publisher={Google Patents},
  note={US Patent 7,496,487},
  howpublished = {\url{https://patents.google.com/patent/US7496487B2/en}},
  citations={61} 
}
@inproceedings{han2014automated,
  title={Automated monitoring of operation-level construction progress using 4D BIM and daily site photologs},
  author={Han, Kevin K and Golparvar-Fard, Mani},
  booktitle={Construction Research Congress 2014: Construction in a Global Network},
  pages={1033--1042},
  year={2014},
  howpublished = {\url{https://ascelibrary.org/doi/abs/10.1061/9780784413517.106}},
  citations={10} 
}
@article{han2015appearance,
  title={Appearance-based material classification for monitoring of operation-level construction progress using 4D BIM and site photologs},
  author={Han, Kevin K and Golparvar-Fard, Mani},
  journal={Automation in construction},
  volume={53},
  pages={44--57},
  year={2015},
  publisher={Elsevier},
  howpublished = {\url{https://www.sciencedirect.com/science/article/pii/S0926580515000266}},
  citations={42} 
}
@inproceedings{chen2015preliminary,
  title={A Preliminary Study on the Framework and Technologies for Bridging BIM and Building},
  author={Chen, Ke and Lu, Weisheng and Peng, Yi},
  booktitle={Proceedings of the 19th International Symposium on Advancement of Construction Management and Real Estate},
  pages={1091--1099},
  year={2015},
  organization={Springer},
  howpublished = {\url{https://link.springer.com/chapter/10.1007/978-3-662-46994-1_89}},
  citations={1} 
}
@article{chencm12,
  title={CM12-06 A Preliminary Study on the Framework and Technologies for Bridging BIM and Building},
  author={Chen, Ke and Lu, Weisheng and Peng, Yi},
  howpublished = {\url{https://www.researchgate.net/profile/Ke_Chen36/publication/289254766_A_Preliminary_Study_on_the_Framework_and_Technologies_for_Bridging_BIM_and_Building/links/568b15d408ae1e63f1fc07a6.pdf}},
  citations={0} 
}
@incollection{maghiar2014technology,
  title={Technology ontology and BIM-enabled estimating for owners and contractors},
  author={Maghiar, Marcel and Livingston, Lauren and Wiezel, Avi},
  booktitle={Computing in Civil and Building Engineering (2014)},
  pages={2200--2207},
  year={2014},
  howpublished = {\url{https://ascelibrary.org/doi/abs/10.1061/9780784413616.273}},
  citations={1} 
}
@article{maghiar2014bim,
  title={BIM-Enabled Estimating through Technology Ontology for Owners and Contractors},
  author={Maghiar, Marcel and Livingston, Lauren and Wiezel, Avi},
  journal={David Publishing Company www. davidpublishing. com},
  pages={1495},
  year={2014},
  howpublished = {\url{http://www.academia.edu/download/36255154/ArticuloJCEA_2014_1.pdf#page=28}},
  citations={0} 
}
@mastersthesis{gaitanuso,
  title={Uso de la metodolog{\'\i}a BrIM (Bridge Information Modeling) como herramientapara la planificaci{\'o}n de la construcci{\'o}n de un puente de concreto en Colombia},
  author={Gait{\'a}n Cardona, Juan Sebasti{\'a}n},
  type={{B.S.} thesis},
  school={Facultad de Ingenier{\'\i}a},
  howpublished = {\url{https://repository.javeriana.edu.co:8443/handle/10554/11120}},
  citations={0} 
}
@article{gaitan2014uso,
  title={Uso de la metodolog{\'\i}a BRIM (Bridge Information Modeling) como herramienta para la planificaci{\'o}n de la construcci{\'o}n de un puente de concreto en Colombia},
  author={Gait{\'a}n Cardona, Juan Sebasti{\'a}n and G{\'o}mez Cabrera, Adriana},
  journal={Ciencia e Ingenier{\'\i}a Neogranadina},
  volume={24},
  number={2},
  pages={145--156},
  year={2014},
  howpublished = {\url{http://www.scielo.org.co/scielo.php?script=sci_abstract&pid=S0124-81702014000200009}},
  citations={4} 
}